
@book{frost1994,
  title={Orthography, Phonology, Morphology, and Meaning},
  author={Frost, R. and Katz, L.},
  year={1994},
  publisher={Elsevier}
}

@article{seymour2003,
  title={Foundation literacy acquisition in European orthographies},
  author={Seymour, Philip H K and Aro, Mikko and Erskine, Jane M},
  journal={British Journal of Psychology},
  volume={94},
  number={2},
  pages={143--174},
  year={2003},
  publisher={Wiley Online Library}
}

@misc{wiktionary2023,
  author = {Wiktionary contributors},
  title = {IPA Pronunciation},
  year = {2023},
  note = {\url{https://en.wiktionary.org/wiki/Wiktionary:IPA}}
}

@article{jiampojamarn2008,
  title={Joint modeling of grapheme-to-phoneme conversion and word segmentation},
  author={Jiampojamarn, Sittichai and Kondrak, Grzegorz},
  journal={ACL-08: HLT},
  pages={905--913},
  year={2008}
}

@article{mansbridge2022,
  title={Phonemic uncertainty in neural models of phonology},
  author={Mansbridge, Peter and Cotterell, Ryan},
  journal={Proceedings of the Annual Meeting of the Association for Computational Linguistics (ACL)},
  year={2022}
}

@article{shannon1948,
  title={A Mathematical Theory of Communication},
  author={Shannon, Claude E},
  journal={Bell System Technical Journal},
  volume={27},
  number={3},
  pages={379--423},
  year={1948}
}

@article{bentz2017,
  title={The entropy of wordsâ€”learnability and expressivity across more than 1000 languages},
  author={Bentz, Christian and Alikaniotis, Dimitrios and Cysouw, Michael and Ferrer-i-Cancho, Ramon},
  journal={Entropy},
  volume={19},
  number={6},
  pages={275},
  year={2017}
}

@misc{unicode2023,
  author = {The Unicode Consortium},
  title = {The Unicode Standard, Version 15.0},
  year = {2023},
  note = {\url{https://unicode.org/}}
}
